
@Article{BrunelleMatricielle,
    author = {Brunelle, Éric},
    title  = {Norme matricielle},
    year   = {},
    note   = {\\\url{http://www.dms.umontreal.ca/~math1600/6Supplement/Normematricielle-1.pdf}},
}

@Article{TrenchRealAnalisys,
    author = {Trench, William F.},
    title  = {Introduction to real analysis},
    year   = {2010},
    note   = {\\\url{http://ramanujan.math.trinity.edu/wtrench/texts/TRENCH_REAL_ANALYSIS.PDF}},
}

@Article{ExoCdI1,
   author = {Claessens, Laurent and Nicolas Richard and Yvik Swan},
   title  = {Exercices et corrigés de Calcul différentiel et intégral 1},
   year   = {2009},
   note   = {Pour l'université libre de Bruxelles.\\\url{http://student.ulb.ac.be/~lclaesse/CdI1.pdf}},
}

